@inproceedings{lapin,
  author    = {{Stefan Heyse and
               Eike Kiltz and
               Vadim Lyubashevsky and
               Christof Paar and
               Krzysztof Pietrzak}},
  title     = {{Lapin: An Efficient Authentication Protocol Based on Ring-LPN}},
  booktitle = {Fast Software Encryption},
  year      = {2012},
  pages     = {346-365},
  note      = {\url{http://dx.doi.org/10.1007/978-3-642-34047-5_20}},
}
@misc{lattice_sig,
    author = {{Vadim Lyubashevsky}},
    title = {{Lattice Signatures Without Trapdoors}},
    howpublished = {Cryptology ePrint Archive, Report 2011/537},
    year = {2011},
    note = {\url{http://eprint.iacr.org/2011/537}},
}