@book{Menezes:1996:HAC:548089,
 author = {{Menezes, Alfred J. and Vanstone, Scott A. and Oorschot, Paul C. Van}},
 title = {{Handbook of Applied Cryptography}},
 year = {1996},
 isbn = {0849385237},
 edition = {1st},
 publisher = {CRC Press, Inc.},
 address = {Boca Raton, FL, USA},
}
@book{Hankerson:2003:GEC:940321,
 author = {{Hankerson, Darrel and Menezes, Alfred J. and Vanstone, Scott}},
 title = {{Guide to Elliptic Curve Cryptography}},
 year = {2003},
 isbn = {038795273X},
 publisher = {Springer-Verlag New York, Inc.},
 address = {Secaucus, NJ, USA},
}