@manual{sagemanual,
  title    = {Sage's Reference Manual},
  month    = {April},
  year     = {2013},
  language = {English},
  note     = {\url{http://www.sagemath.org/doc/reference/}}
}